% Problem Formulation %




% Section: Configuration Space %

	
	@article{lozano1979algorithm,
	  title={An algorithm for planning collision-free paths among polyhedral obstacles},
	  author={Lozano-P{\'e}rez, Tom{\'a}s and Wesley, Michael A},
	  journal={Communications of the ACM},
	  volume={22},
	  number={10},
	  pages={560--570},
	  year={1979},
	  publisher={ACM}
	}
	
	
	
	@article{lozano1981automatic,
	  title={Automatic planning of manipulator transfer movements},
	  author={Lozano-Perez, Tomas},
	  journal={Systems, Man and Cybernetics, IEEE Transactions on},
	  volume={11},
	  number={10},
	  pages={681--698},
	  year={1981},
	  publisher={IEEE}
	}
	
	
	@article{lozano1983spatial,
	  title={Spatial planning: A configuration space approach},
	  author={Lozano-Perez, Tomas},
	  journal={Computers, IEEE Transactions on},
	  volume={100},
	  number={2},
	  pages={108--120},
	  year={1983},
	  publisher={IEEE}
	}


	@article{donald1987search,
  		title={A search algorithm for motion planning with six degrees of freedom},
  		author={Donald, Bruce R},
  		journal={Artificial Intelligence},
  		volume={31},
  		number={3},
  		pages={295--353},
  		year={1987},
  		publisher={Elsevier}
	}


% Section: Potential Fields %

	@article{yang2009elastic,
	  year={2010},
	  issn={0929-5593},
	  journal={Autonomous Robots},
	  volume={28},
	  number={1},
	  doi={10.1007/s10514-009-9151-x},
	  title={Elastic roadmapsâ€”motion generation for autonomous mobile manipulation},
	  url={http://dx.doi.org/10.1007/s10514-009-9151-x},
	  publisher={Springer US},
	  keywords={Motion generation; Mobile manipulation; Planning and control; Feedback planning; Hybrid systems for motion},
	  author={Yang, Y. and Brock, O.},
	  pages={113-130},
	  language={English}
	}
	
	
	@article{brock2002elastic,
  	title={Elastic strips: A framework for motion generation in human environments},
 	author={Brock, Oliver and Khatib, Oussama},
  	journal={The International Journal of Robotics Research},
  	volume={21},
  	number={12},
  	pages={1031--1052},
  	year={2002},
  	publisher={SAGE Publications}
	}
	
	
	@inproceedings{brock2001decomposition,
	  title={Decomposition-based motion planning: A framework for real-time motion planning in high-dimensional configuration spaces},
	  author={Brock, Oliver and Kavraki, EE},
	  booktitle={Robotics and Automation, 2001. Proceedings 2001 ICRA. IEEE International Conference on},
	  volume={2},
	  pages={1469--1474},
	  year={2001},
	  organization={IEEE}
	}
	
	
	
	@article{khatib1986real,
	  title={Real-time obstacle avoidance for manipulators and mobile robots},
	  author={Khatib, O.},
	  journal={IJRR},
	  volume={5},
	  number={1},
	  pages={90--98},
	  year={1986},
	  publisher={Sage Publications}
	}
	
	
	@article{khatib1987unified,
  		title={A unified approach for motion and force control of robot manipulators: The operational space formulation},
  		author={Khatib, Oussama},
  		journal={IEEE Journal on Robotics and Automation},
  		volume={3},
  		number={1},
  		pages={43--53},
  		year={1987},
		publisher={IEEE}
	}
	
	


% Section: Obstacle Avoidance %

	@ARTICLE{snape2011hybrid, 
	  author={Snape, J. and van den Berg, J. and Guy, S.J. and Manocha, D.}, 
	  journal={IEEE Trans. Robot.}, 
	  title={The Hybrid Reciprocal Velocity Obstacle}, 
	  year={2011}, 
	  month={Aug}, 
	  volume={27}, 
	  number={4}, 
	  pages={696-706}, 
	  keywords={collision avoidance;mobile robots;multi-robot systems;navigation;velocity control;collision free navigation;hybrid reciprocal velocity obstacle;iRobot Create;multiple mobile robots;oscillation free navigation;virtual agents;Collision avoidance;Mobile robots;Navigation;Oscillators;Robot kinematics;Robot sensing systems;Collision avoidance;mobile robots;motion planning;multirobot systems;navigation}, 
	  doi={10.1109/TRO.2011.2120810}, 
	  ISSN={1552-3098},
	}
	
		
		
	@article{fox1997dynamic,
	  title={The dynamic window approach to collision avoidance},
	  author={Fox, D. and Burgard, W. and Thrun, S. and others},
	  journal={IEEE Robot. Autom. Mag.},
	  volume={4},
	  number={1},
	  pages={23--33},
	  year={1997}
	}
	
	
	
	@inproceedings{vatcha2009perceiving,
	  title={Perceiving guaranteed continuously collision-free robot trajectories in an unknown and unpredictable environment},
	  author={Vatcha, R. and Xiao, J.},
	  booktitle={IROS 2009},
	  pages={1433--1438},
	  year={2009},
	  organization={IEEE}
	}
	
	
	
	@article{fiorini1998motion,
	  author = {Fiorini, P. and Shiller, Z.}, 
	  title = {Motion Planning in Dynamic Environments Using Velocity Obstacles},
	  volume = {17}, 
	  number = {7}, 
	  pages = {760-772}, 
	  year = {1998}, 
	  doi = {10.1177/027836499801700706}, 
	  abstract ={
	                 This paper presents a method for robot motion planning in dynamic environments. It consists of selecting avoidance maneuvers to avoid static and moving obstacles in the velocity space, based on the cur rent positions and velocities of the robot and obstacles. It is a first- order method, since it does not integrate velocities to yield positions as functions of time.
	              
	                 The avoidance maneuvers are generated by selecting robot ve locities outside of the velocity obstacles, which represent the set of robot velocities that would result in a collision with a given obstacle that moves at a given velocity, at some future time. To ensure that the avoidance maneuver is dynamically feasible, the set of avoidance velocities is intersected with the set of admissible velocities, defined by the robot's acceleration constraints. Computing new avoidance maneuvers at regular time intervals accounts for general obstacle trajectories.
	              
	                 The trajectory from start to goal is computed by searching a tree of feasible avoidance maneuvers, computed at discrete time intervals. An exhaustive search of the tree yields near-optimal trajectories that either minimize distance or motion time. A heuristic search of the tree is applicable to on-line planning. The method is demonstrated for point and disk robots among static and moving obstacles, and for an automated vehicle in an intelligent vehicle highway system scenario.
	              }, 
	  URL = {http://ijr.sagepub.com/content/17/7/760.abstract}, 
	  eprint = {http://ijr.sagepub.com/content/17/7/760.full.pdf+html}, 
	  journal = {IJRR} 
	}
	
	
	
	@INPROCEEDINGS{wilkie2009generalized, 
    	author={Wilkie, D. and van den Berg, J. and Manocha, D.}, 
    	booktitle={IROS 2009}, 
    	title={Generalized velocity obstacles}, 
    	year={2009}, 
    	pages={5573-5578}, 
    	keywords={robot dynamics;car-like robot dynamic;dynamic obstacles;generalized velocity obstacles;real-time navigation;Control systems;Fingers;Grasping;Information science;Intelligent robots;Numerical simulation;Shape control;Stability analysis;Tactile sensors;USA Councils}, 
    	doi={10.1109/IROS.2009.5354175}, 
    	month={Oct},
	}
	
	
	
	


% Section: Collision Detection %

    @phdthesis{udupa1977collision,
	  title={Collision detection and avoidance in computer controlled manipulators},
	  author={Udupa, Shriram Mahabal},
	  year={1977},
	  school={Citeseer}
	}
	
	

% Section: Sampling %

	@article{PRM,
	  title     = {Probabilistic roadmaps for path planning in high-dimensional configuration spaces},
	  author    = {Kavraki, Lydia E and Svestka, Petr and Latombe, J-C and Overmars, Mark H},
	  journal   = {IEEE Transactions on Robotics and Automation},
	  volume    = {12},
	  number    = {4},
	  pages     = {566--580},
	  year      = {1996},
	  publisher = {IEEE}
	}
	
	@techreport{RRT,
	  title       = {Rapidly-Exploring Random Trees: A New Tool for Path Planning},
	  author      = {S. Lavalle},
	  institution = {C.S. Dept., Iowa State Univ.},
	  year        = {1998}
	}
	
	@book{Lav06,
	  AUTHOR    = {S. M. LaValle},
	  TITLE     = {Planning Algorithms},
	  PUBLISHER = {Cambridge University Press},
	  ADDRESS   = {Cambridge, U.K.},
	  note      = {Available at http://planning.cs.uiuc.edu/},
	  YEAR      = {2006}
	}
	
	
	@MISC{amato1998obprm,
	  author = {Nancy M. Amato and O. Burchan Bayazit and Lucia K. Dale and Christopher Jones and Daniel Vallejo},
	  title = {OBPRM: An Obstacle-Based PRM for 3D Workspaces},
	  year = {1998}
	}
	
	@inproceedings{wilmarth1999maprm,
  		title={MAPRM: A probabilistic roadmap planner with sampling on the medial axis of the free space},
  		author={Wilmarth, Steven A and Amato, Nancy M and Stiller, Peter F},
  		booktitle={Robotics and Automation, 1999. Proceedings. 1999 IEEE International Conference on},
  		volume={2},
  		pages={1024--1031},
  		year={1999},
  		organization={IEEE}
	}
	
	
	@inproceedings{boor1999gaussian,
  		title={The Gaussian sampling strategy for probabilistic roadmap planners},
  		author={Boor, Val{\'e}rie and Overmars, Mark H and van der Stappen, A Frank},
  		booktitle={Robotics and automation, 1999. proceedings. 1999 ieee international conference on},
  		volume={2},
  		pages={1018--1023},
  		year={1999},
  		organization={IEEE}
	}
	
	
	@inproceedings{nissoux1999visibility,
  		title={Visibility based probabilistic roadmaps},
  		author={Nissoux, Carole and Sim{\'e}on, Thierry and Laumond, J-P},
  		booktitle={Intelligent Robots and Systems, 1999. IROS'99. Proceedings. 1999 IEEE/RSJ International Conference on},
  		volume={3},
  		pages={1316--1321},
  		year={1999},
  		organization={IEEE}
	}
	
	@inproceedings{bohlin2000path,
  		title={Path planning using lazy PRM},
  		author={Bohlin, Robert and Kavraki, Lydia E},
  		booktitle={Robotics and Automation, 2000. Proceedings. ICRA'00. IEEE International Conference on},
  		volume={1},
  		pages={521--528},
  		year={2000},
  		organization={IEEE}
	}
%	
%	@incollection{geraerts2004comparative,
%  		title={A comparative study of probabilistic roadmap planners},
%  		author={Geraerts, Roland and Overmars, Mark H},
%  		booktitle={Algorithmic Foundations of Robotics V},
%  		pages={43--57},
%  		year={2004},
%  		publisher={Springer}
%	}
%	


	% RRT extensions
	
	@inproceedings{yershova2005dynamic,
  		title={Dynamic-domain RRTs: Efficient exploration by controlling the sampling domain},
  		author={Yershova, Anna and Jaillet, L{\'e}onard and Sim{\'e}on, Thierry and LaValle, Steven M},
  		booktitle={Proceedings of the 2005 IEEE International Conference on Robotics and Automation},
  		pages={3856--3861},
  		year={2005},
  		organization={IEEE}
	}
	
	@inproceedings{tang2006obstacle,
  		title={An obstacle-based rapidly-exploring random tree},
  		author={Tang, Xinyu and Lien, Jyh-Ming and Amato, NM and others},
  		booktitle={Proceedings 2006 IEEE International Conference on Robotics and Automation, 2006. ICRA 2006.},
  		pages={895--900},
  		year={2006},
  		organization={IEEE}
	}
	
@inproceedings{zhang2008efficient,
  		title={An efficient retraction-based RRT planner},
  		author={Zhang, Liangjun and Manocha, Dinesh},
  		booktitle={Robotics and Automation, 2008. ICRA 2008. IEEE International Conference on},
  		pages={3743--3750},
  		year={2008},
  		organization={IEEE}
	}	
	
	
	@article{karaman2011sampling,
  		title={Sampling-based algorithms for optimal motion planning},
  		author={Karaman, Sertac and Frazzoli, Emilio},
  		journal={The International Journal of Robotics Research},
  		volume={30},
  		number={7},
  		pages={846--894},
  		year={2011},
  		publisher={Sage Publications}
	}
	
% Section: PRM %

@article{hsu2002randomized,
  title={Randomized kinodynamic motion planning with moving obstacles},
  author={Hsu, David and Kindel, Robert and Latombe, Jean-Claude and Rock, Stephen},
  journal={The International Journal of Robotics Research},
  volume={21},
  number={3},
  pages={233--255},
  year={2002},
  publisher={SAGE Publications}
}
	
% Section: RRT %

% Cite the bidirectional paper before rrt-connect?
@inproceedings{kuffner2000rrt,
  title={RRT-connect: An efficient approach to single-query path planning},
  author={Kuffner, James J and LaValle, Steven M},
  booktitle={Robotics and Automation, 2000. Proceedings. ICRA'00. IEEE International Conference on},
  volume={2},
  pages={995--1001},
  year={2000},
  organization={IEEE}
}


@inproceedings{bruce2002real,
  title={Real-time randomized path planning for robot navigation},
  author={Bruce, James and Veloso, Manuela},
  booktitle={Intelligent Robots and Systems, 2002. IEEE/RSJ International Conference on},
  volume={3},
  pages={2383--2388},
  year={2002},
  organization={IEEE}
}


% Section: Kinodynamic motion planning 


@article{donald1993kinodynamic,
  title={Kinodynamic motion planning},
  author={Donald, Bruce and Xavier, Patrick and Canny, John and Reif, John},
  journal={Journal of the ACM (JACM)},
  volume={40},
  number={5},
  pages={1048--1066},
  year={1993},
  publisher={ACM}
}



@article{lavalle2001randomized,
  title={Randomized kinodynamic planning},
  author={LaValle, Steven M and Kuffner, James J},
  journal={The International Journal of Robotics Research},
  volume={20},
  number={5},
  pages={378--400},
  year={2001},
  publisher={SAGE Publications}
}



% Section: RAMP %

	@article{EPN_Adaptive,
	  author    = {J. Xiao and Michalewicz, Z. and L. Zhang and Trojanowski, K.},
	  title     = {Adaptive evolutionary planner/navigator for mobile robots},
	  journal   = {IEEE Transactions on Evolutionary Computation},
	  volume    = {1},
	  number    = {1},
	  pages     = {18-28},
	  year      = {1997},
	  publisher = {IEEE}
	}
	
	@article{RAMP,
	  title     = {Real-Time adaptive motion planning (RAMP) of mobile manipulators in dynamic environments with unforeseen changes},
	  author    = {Vannoy, J. and J. Xiao},
	  journal   = {IEEE Trans. Robot.},
	  volume    = {24},
	  number    = {5},
	  pages     = {1199-1212},
	  year      = {2008},
	  publisher = {IEEE}
	}
	
	
	@inproceedings{mcleod2016real,
  		title         = {Real-time adaptive non-holonomic motion planning in unforeseen dynamic environments},
  		author        = {McLeod, Sterling and Xiao, Jing},
  		booktitle     = {2016 IEEE/RSJ International Conference on Intelligent Robots and Systems (IROS)},
  		year          = {2016},
  		organization  = {IEEE}
	}

	@inproceedings{xiao2010real,
  		title={Real-time adaptive motion planning for a continuum manipulator},
  		author={Xiao, Jing and Vatcha, Rayomand},
  		booktitle={Intelligent Robots and Systems (IROS), 2010 IEEE/RSJ International Conference on},
  		pages={5919--5926},
  		year={2010},
  		organization={IEEE}
	}
	
	@inproceedings{annas2009intelligent,
  		title={Intelligent pursuit \& evasion in an unknown environment},
  		author={Annas, Jonathan and Xiao, Jing},
  		booktitle={2009 IEEE/RSJ International Conference on Intelligent Robots and Systems},
  		pages={4899--4906},
  		year={2009},
  		organization={IEEE}
	}
	
	@book{michalewicz2013genetic,
	  title={Genetic algorithms+ data structures= evolution programs},
	  author={Michalewicz, Z.},
	  year={2013},
	  publisher={Springer Science \& Business Media}
	}


% Section: Motion models %
	
	@inproceedings{laumond1986feasible,
	  author = {Laumond, J.-P.},
	  title = {Feasible Trajectories for Mobile Robots with Kinematic and Environment Constraints},
	  booktitle = {Intelligent Autonomous Systems, An International Conference},
	  year = {1987},
	  isbn = {0-444-70168-0},
	  pages = {346--354},
	  numpages = {9},
	  url = {http://dl.acm.org/citation.cfm?id=647948.742385},
	  acmid = {742385},
	  publisher = {North-Holland Publishing Co.},
	  address = {Amsterdam, The Netherlands, The Netherlands},
	} 

	
	@INPROCEEDINGS{fernandes1991variational, 
	  author={Fernandes, C. and Gurvits, L. and Li, Z.X.}, 
	  booktitle={Proceedings of 1991 IEEE International Conference on Robotics and Automation, (ICRA)}, 
	  title={A variational approach to optimal nonholonomic motion planning}, 
	  year={1991}, 
	  month={Apr}, 
	  pages={680-685 vol.1}, 
	  keywords={optimal control;planning (artificial intelligence);position control;variational techniques;admissible configuration space path;conservation laws;holonomic systems;nonholonomic distribution;optimal control;optimal nonholonomic motion planning;path finding;position control;symmetries;variational approach;Collaboration;Cost function;Differential equations;Joining processes;Optimal control;Safety;Silver;Trajectory;Velocity control;Wheels}, 
	  doi={10.1109/ROBOT.1991.131662},
	}


	@article{barraquand1993nonholonomic,
	  year={1993},
	  issn={0178-4617},
	  journal={Algorithmica},
	  volume={10},
	  number={2-4},
	  doi={10.1007/BF01891837},
	  title={Nonholonomic multibody mobile robots: Controllability and motion planning in the presence of obstacles},
	  url={http://dx.doi.org/10.1007/BF01891837},
	  publisher={Springer-Verlag},
	  keywords={Path planning; Robotics; Mobile robots; Controllability; Nonholonomy; Optimal maneuvering; Collision avoidance},
	  author={Barraquand, J. and Latombe, J.-C.},
	  pages={121-155},
	  language={English}
	}

	
	
	@ARTICLE{murray1993nonholonomic, 
	  author={Murray, R.M. and Sastry, S.S.}, 
	  journal={IEEE Transactions on Automatic Control}, 
	  title={Nonholonomic motion planning: steering using sinusoids}, 
	  year={1993}, 
	  month={May}, 
	  volume={38}, 
	  number={5}, 
	  pages={700-716}, 
	  keywords={controllability;path planning;position control;robots;bracketing;canonical form;controllability;nonholonomic cÂ·onstraints;nonholonomic motion planning;path planning;robots;sinusoids;steering;Fingers;Mobile robots;Motion planning;Navigation;Optimal control;Orbital robotics;Steering systems;Strategic planning;Trajectory;Wheels}, 
	  doi={10.1109/9.277235}, 
	  ISSN={0018-9286},
	}
	
	
	
	@ARTICLE{laumond1994motion, 
	  author={Laumond, J.-P. and Jacobs, P.E. and Taix, M. and Murray, R.M.}, 
	  journal={IEEE Trans. Robot. Autom.}, 
	  title={A motion planner for nonholonomic mobile robots}, 
	  year={1994}, 
	  month={Oct}, 
	  volume={10}, 
	  number={5}, 
	  pages={577-593}, 
	  keywords={computational complexity;computational geometry;mobile robots;optimisation;path planning;topology;collision-free path;completeness;computational complexity;configuration space;geometric planner;induced topology;metric;motion planning;nonholonomic mobile robots;optimisation;polygonal obstacles;Computational geometry;Jacobian matrices;Manipulators;Mobile robots;Motion planning;Orbital robotics;Solid modeling;Space technology;Topology;Turning}, 
	  doi={10.1109/70.326564}, 
	  ISSN={1042-296X},
	}


	
	@article{kelly2003reactive,
	  author = {Kelly, A. and Nagy, B.}, 
	  title = {Reactive Nonholonomic Trajectory Generation via Parametric Optimal Control},
	  volume = {22}, 
	  number = {7-8}, 
	  pages = {583-601}, 
	  year = {2003}, 
	  doi = {10.1177/02783649030227008}, 
	  abstract ={There are many situations for which a feasible nonholonomic motion plan must be generated immediately based on real-time perceptual information. Parametric trajectory representations limit computation because they reduce the search space for solutions (at the cost of potentially introducing suboptimality). The use of any parametric trajectory model converts the optimal control formulation into an equivalent nonlinear programming problem. In this paper, curvature polynomials of arbitrary order are used as the assumed form of solution. Polynomials sacrifice little in terms of spanning the set of feasible controls while permitting an expression of the general solution to the system dynamics in terms of decoupled quadratures. These quadratures are then readily linearized to express the necessary conditions for optimality. Resulting trajectories are convenient to manipulate and execute in vehicle controllers and they can be computed with a straightforward numerical procedure in real time.}, 
	  URL = {http://ijr.sagepub.com/content/22/7-8/583.abstract}, 
	  eprint = {http://ijr.sagepub.com/content/22/7-8/583.full.pdf+html}, 
	  journal = {The International Journal of Robotics Research (IJRR)} 
	}

	
	@article{nagy2001trajectory,
	  title={Trajectory generation for car-like robots using cubic curvature polynomials},
	  author={Nagy, B. and Kelly, A.},
	  journal={Field and Service Robots},
	  volume={11},
	  year={2001}
	}


% Section: Misc %

	@INPROCEEDINGS{li2009on-line, 
	  author={Y. Li and J. Xiao}, 
	  booktitle={ICRA 2009}, 
	  title={On-line planning of nonholonomic trajectories in crowded and geometrically unknown environments}, 
	  year={2009}, 
	  month={May}, 
	  pages={3230-3236}, 
	  keywords={collision avoidance;curve fitting;mobile robots;motion control;position control;Bezier curve;backward motion;car-like robot navigation;collision-free trajectory;crowded environment;forward motion;geometric unknown environment;knot position sequence;online nonholonomic trajectory planning;Computational modeling;Global Positioning System;Motion planning;Navigation;Path planning;Remotely operated vehicles;Robot sensing systems;Robotics and automation;Trajectory;Vehicle driving}, 
	  doi={10.1109/ROBOT.2009.5152782}, 
	  ISSN={1050-4729},
	}

	
	
	
	@article{kroger2010online,
	  title={Online trajectory generation: Basic concepts for instantaneous reactions to unforeseen events},
	  author={Kroger, T. and Wahl, F. M.},
	  journal={IEEE Trans. Robot.},
	  volume={26},
	  number={1},
	  pages={94--111},
	  year={2010},
	  publisher={IEEE}
	}
	


    @incollection{thrun2007stanley,
      title={Stanley: The robot that won the DARPA Grand Challenge},
      author={Thrun, S. and Montemerlo, M. and Dahlkamp, H. and Stavens, D. and Aron, A. and Diebel, J. and Fong, P. and Gale, J. and Halpenny, M. and Hoffmann, G. and others},
      booktitle={The 2005 DARPA Grand Challenge},
      pages={1--43},
      year={2007},
      publisher={Springer}
    }
    
    
    @book{buehler2009darpa,
      title={The DARPA Urban Challenge: Autonomous vehicles in city traffic},
      author={Buehler, M. and Iagnemma, K. and Singh, S.},
      volume={56},
      year={2009},
      publisher={springer}
    }

    
    
    @article{dolgov2010path,
      title={Path planning for autonomous vehicles in unknown semi-structured environments},
      author={Dolgov, D. and Thrun, S. and Montemerlo, M. and Diebel, J.},
      journal={IJRR},
      volume={29},
      number={5},
      pages={485--501},
      year={2010},
      publisher={SAGE Publications}
    }



% Section: Collision Detection %

@article{gilbert1988fast,
  		title={A fast procedure for computing the distance between complex objects in three-dimensional space},
  		author={Gilbert, Elmer G and Johnson, Daniel W and Keerthi, S Sathiya},
  		journal={IEEE Journal on Robotics and Automation},
  		volume={4},
  		number={2},
  		pages={193--203},
  		year={1988},
  		publisher={IEEE}
	}

	@inproceedings{lin1991fast,
  		title={A fast algorithm for incremental distance calculation},
  		author={Lin, Ming C and Canny, John F},
  		booktitle={Robotics and Automation, 1991. Proceedings., 1991 IEEE International Conference on},
  		pages={1008--1014},
  		year={1991},
  		organization={IEEE}
	}


% Section: Inevitable collision states %

	@article{fraichard2004inevitable,
	  title={Inevitable collision states â€” a step towards safer robots?},
	  author={Fraichard, Thierry and Asama, Hajime},
	  journal={Advanced Robotics},
	  volume={18},
	  number={10},
	  pages={1001--1024},
	  year={2004},
	  publisher={Taylor \& Francis}
	}


