
@article{lozano1979algorithm,
  title={An algorithm for planning collision-free paths among polyhedral obstacles},
  author={Lozano-P{\'e}rez, Tom{\'a}s and Wesley, Michael A},
  journal={Communications of the ACM},
  volume={22},
  number={10},
  pages={560--570},
  year={1979},
  publisher={ACM}
}



@article{lozano1981automatic,
  title={Automatic planning of manipulator transfer movements},
  author={Lozano-Perez, Tomas},
  journal={Systems, Man and Cybernetics, IEEE Transactions on},
  volume={11},
  number={10},
  pages={681--698},
  year={1981},
  publisher={IEEE}
}


@article{lozano1983spatial,
  title={Spatial planning: A configuration space approach},
  author={Lozano-Perez, Tomas},
  journal={Computers, IEEE Transactions on},
  volume={100},
  number={2},
  pages={108--120},
  year={1983},
  publisher={IEEE}
}


@article{PRM,
  title     = {Probabilistic roadmaps for path planning in high-dimensional configuration spaces},
  author    = {Kavraki, Lydia E and Svestka, Petr and Latombe, J-C and Overmars, Mark H},
  journal   = {IEEE Transactions on Robotics and Automation},
  volume    = {12},
  number    = {4},
  pages     = {566--580},
  year      = {1996},
  publisher = {IEEE}
}

@techreport{RRT,
  title       = {Rapidly-Exploring Random Trees: A New Tool for Path Planning},
  author      = {S. Lavalle},
  institution = {C.S. Dept., Iowa State Univ.},
  year        = {1998}
}



@phdthesis{udupa1977collision,
  title={Collision detection and avoidance in computer controlled manipulators},
  author={Udupa, Shriram Mahabal},
  year={1977},
  school={Citeseer}
}



@book{Lav06,
  AUTHOR    = {S. M. LaValle},
  TITLE     = {Planning Algorithms},
  PUBLISHER = {Cambridge University Press},
  ADDRESS   = {Cambridge, U.K.},
  note      = {Available at http://planning.cs.uiuc.edu/},
  YEAR      = {2006}
}

@inproceedings{zach2006bridging,
  title         = {Bridging the gap between task planning and path planning},
  author        = {Zacharias, Franziska and Borst, Christoph and Hirzinger, Gerd},
  booktitle     = {Intelligent Robots and Systems, 2006 IEEE/RSJ International Conference on}, 
  pages         = {4490-4495},
  year          = {2006},
  organization  = {IEEE}
}

@inproceedings{wolfe2010combined,
  title     = {Combined Task and Motion Planning for Mobile Manipulation.},
  author    = {Wolfe, Jason and Marthi, Bhaskara and Russell, Stuart J},
  booktitle = {ICAPS},
  pages     = {254--258},
  year      = {2010}
}

@inproceedings{mcgann2009model,
  title     = {Model-based, hierarchical control of a mobile manipulation platform},
  author    = {McGann, Conor and Berger, Eric and Bohren, Jonathan and Chitta, Sachin and Gerkey, Brian and Glaser, Stuart and Marthi, Bhaskara and Meeussen, Wim and Pratkanis, Tony and Marder-Eppstein, Eitan and others},
  booktitle = {4th Workshop on Planning and Plan Execution for Real World Systems, ICAPS},
  year      = {2009}
}


@inproceedings{hauser2009integrating,
  title     = {Integrating task and PRM motion planning: Dealing with many infeasible motion planning queries},
  author    = {Hauser, Kris and Latombe, Jean-Claude},
  booktitle = {Workshop on Bridging the Gap between Task and Motion Planning at ICAPS},
  year      = {2009}
}

@article{EPN_Adaptive,
  author    = {J. Xiao and Michalewicz, Z. and L. Zhang and Trojanowski, K.},
  title     = {Adaptive evolutionary planner/navigator for mobile robots},
  journal   = {IEEE Transactions on Evolutionary Computation},
  volume    = {1},
  number    = {1},
  pages     = {18-28},
  year      = {1997},
  publisher = {IEEE}
}

@article{RAMP,
  title     = {Real-Time adaptive motion planning (RAMP) of mobile manipulators in dynamic environments with unforeseen changes},
  author    = {Vannoy, J. and J. Xiao},
  journal   = {IEEE Trans. Robot.},
  volume    = {24},
  number    = {5},
  pages     = {1199-1212},
  year      = {2008},
  publisher = {IEEE}
}

@article{cambon2009hybrid,
  title     = {A hybrid approach to intricate motion, manipulation and task planning},
  author    = {Cambon, Stephane and Alami, Rachid and Gravot, Fabien},
  journal   = {The International Journal of Robotics Research},
  volume    = {28},
  number    = {1},
  pages     = {104--126},
  year      = {2009},
  publisher = {SAGE Publications}
}

@inproceedings{ciocarlie2012mobile,
  title         = {Mobile manipulation through an assistive home robot},
  author        = {Ciocarlie, Matei and Hsiao, Kaijen and Leeper, Adam and Gossow, David},
  booktitle     = {2012 IEEE/RSJ International Conference on Intelligent Robots and Systems (IROS)},
  pages         = {5313--5320},
  year          = {2012},
  organization  = {IEEE}
}


@article{yao2007path,
  title     = {Path planning with general end-effector constraints},
  author    = {Yao, Zhenwang and Gupta, Kamal},
  journal   = {Robotics and Autonomous Systems},
  volume    = {55},
  number    = {4},
  pages     = {316--327},
  year      = {2007},
  publisher = {Elsevier}
}

@inproceedings{stilman2007task,
  title         = {Task constrained motion planning in robot joint space},
  author        = {Stilman, Mike},
  booktitle     = {IROS 2007},
  pages         = {3074--3081},
  year          = {2007},
  organization  = {IEEE}
}

@article{lozano1989task,
  title     = {Task-level planning of pick-and-place robot motions},
  author    = {Lozano-P{\'e}rez, Tom{\'a}s and Jones, Joseph L. and Mazer, Emmanuel and O'Donnell, Patrick A.},
  journal   = {Computer},
  volume    = {22},
  number    = {3},
  pages     = {21--29},
  year      = {1989},
  publisher = {IEEE}
}

@inproceedings{kuffner2001motion,
  title         = {Motion planning for humanoid robots under obstacle and dynamic balance constraints},
  author        = {Kuffner, James and Nishiwaki, Koichi and Kagami, Satoshi and Inaba, Masayuki and Inoue, Hirochika},
  booktitle     = {Robotics and Automation, 2001. Proceedings 2001 ICRA. IEEE International Conference on},
  volume        = {1},
  pages         = {692--698},
  year          = {2001},
  organization  = {IEEE}
}

@article{bretl2006motion,
  title     = {Motion planning of multi-limbed robots subject to equilibrium constraints: The free-climbing robot problem},
  author    = {Bretl, Timothy},
  journal   = {The International Journal of Robotics Research},
  volume    = {25},
  number    = {4},
  pages     = {317--342},
  year      = {2006},
  publisher = {SAGE Publications}
}


@article{berenson2011task,
  title     = {Task space regions a framework for pose-constrained manipulation planning},
  author    = {Berenson, Dmitry and Srinivasa, Siddhartha and Kuffner, James},
  journal   = {The International Journal of Robotics Research},
  volume    = {30},
  number    = {12},
  pages     = {1435--1460},
  year      = {2011},
  publisher = {SAGE Publications}
}


@article{yang2009elastic,
  year={2010},
  issn={0929-5593},
  journal={Autonomous Robots},
  volume={28},
  number={1},
  doi={10.1007/s10514-009-9151-x},
  title={Elastic roadmaps—motion generation for autonomous mobile manipulation},
  url={http://dx.doi.org/10.1007/s10514-009-9151-x},
  publisher={Springer US},
  keywords={Motion generation; Mobile manipulation; Planning and control; Feedback planning; Hybrid systems for motion},
  author={Yang, Y. and Brock, O.},
  pages={113-130},
  language={English}
}

@MISC{Amato98obprm,
  author = {Nancy M. Amato and O. Burchan Bayazit and Lucia K. Dale},
  title = {OBPRM: An Obstacle-Based PRM for 3D Workspaces},
  year = {1998}
}


@inproceedings{brock2001decomposition,
  title={Decomposition-based motion planning: A framework for real-time motion planning in high-dimensional configuration spaces},
  author={Brock, Oliver and Kavraki, EE},
  booktitle={Robotics and Automation, 2001. Proceedings 2001 ICRA. IEEE International Conference on},
  volume={2},
  pages={1469--1474},
  year={2001},
  organization={IEEE}
}

@MISC{amato1998obprm,
  author = {Nancy M. Amato and O. Burchan Bayazit and Lucia K. Dale and Christopher Jones and Daniel Vallejo},
  title = {OBPRM: An Obstacle-Based PRM for 3D Workspaces},
  year = {1998}
}

@INPROCEEDINGS{yang2004adapting,
  author={Yuandong Yang and Brock, O.},
  booktitle={Proceedings of 2004 IEEE International Conference on Robotics and Automation, (ICRA)},
  title={Adapting the sampling distribution in PRM planners based on an approximated medial axis},
  year={2004},
  month={April},
  volume={5},
  pages={4405-4410 Vol.5},
  keywords={path planning;probability;sampling methods;approximated medial axis;free space connectivity;motion planning;narrow configuration space passages;path planning;probabilistic roadmap planner;sampling distribution;Approximation algorithms;Computational efficiency;Computer science;Costs;Joining processes;Laboratories;Orbital robotics;Path planning;Sampling methods;Solids},
  doi={10.1109/ROBOT.2004.1302411},
  ISSN={1050-4729},
}
  

@INPROCEEDINGS{choi2008path, 
  author={J.-W. Choi and Curry, R. and Elkaim, G.}, 
  booktitle={Advances in Electrical and Electronics Engineering - IAENG Special Edition of the World Congress on Engineering and Computer Science 2008, WCECS '08.}, 
  title={Path Planning Based on Bezier Curve for Autonomous Ground Vehicles}, 
  year={2008}, 
  month={Oct}, 
  pages={158-166}, 
  keywords={curve fitting;mobile robots;optimisation;path planning;vehicles;autonomous ground vehicles;constrained optimization;corridor constraints;cubic Bezier curve segments;kinematic vehicle;path constraints;path generation problem;path planning algorithms;reference trajectory;user-defined cost function;Automotive engineering;Collision avoidance;Constraint optimization;Feedback control;Land vehicles;Mobile robots;Path planning;Remotely operated vehicles;Unmanned aerial vehicles;Vehicle dynamics;Bezier curve;autonomous vehicle;feedback control;optimization;path planning}, 
  doi={10.1109/WCECS.2008.27},
}



@INPROCEEDINGS{choi2014constrained, 
  author={J.-W. Choi and Huhtala, K.}, 
  booktitle={2014 IEEE/RSJ International Conference on Intelligent Robots and Systems (IROS)}, 
  title={Constrained path optimization with Bezier curve primitives}, 
  year={2014}, 
  month={Sept}, 
  pages={246-251}, 
  keywords={gradient methods;graph theory;mobile robots;optimisation;path planning;search problems;vehicles;wheels;A* search graph;Bézier curve primitives;COP;constrained optimization problem;constrained path optimization;discrete robot states;extraneous motions;gradient based method;mobile robot;motion primitives;nonholonomic wheeled vehicle;numerical simulations;online path smoothing;path planning algorithm;post-procedure;real-time autonomous driving;semistructured environment;Collision avoidance;Lattices;Motion segmentation;Optimization;Solids;Vectors}, 
  doi={10.1109/IROS.2014.6942568},
}


@article{khatib1986real,
  title={Real-time obstacle avoidance for manipulators and mobile robots},
  author={Khatib, O.},
  journal={IJRR},
  volume={5},
  number={1},
  pages={90--98},
  year={1986},
  publisher={Sage Publications}
}


@ARTICLE{snape2011hybrid, 
  author={Snape, J. and van den Berg, J. and Guy, S.J. and Manocha, D.}, 
  journal={IEEE Trans. Robot.}, 
  title={The Hybrid Reciprocal Velocity Obstacle}, 
  year={2011}, 
  month={Aug}, 
  volume={27}, 
  number={4}, 
  pages={696-706}, 
  keywords={collision avoidance;mobile robots;multi-robot systems;navigation;velocity control;collision free navigation;hybrid reciprocal velocity obstacle;iRobot Create;multiple mobile robots;oscillation free navigation;virtual agents;Collision avoidance;Mobile robots;Navigation;Oscillators;Robot kinematics;Robot sensing systems;Collision avoidance;mobile robots;motion planning;multirobot systems;navigation}, 
  doi={10.1109/TRO.2011.2120810}, 
  ISSN={1552-3098},
}



@INPROCEEDINGS{khatib1997dynamic, 
  author={Khatib, M. and Jaouni, H. and Chatila, R. and Laumond, J.P.}, 
  booktitle={ICRA 1997}, 
  title={Dynamic path modification for car-like nonholonomic mobile robots}, 
  year={1997}, 
  month={Apr}, 
  volume={4}, 
  pages={2920-2925 vol.4}, 
  keywords={mobile robots;motion control;path planning;robot kinematics;Bezier curves;car-like nonholonomic mobile robots;dynamic path modification;elastic band concepts;flexible feasible trajectory;kinematics constraints;locally reachable space;minimum curvature constraint;trajectory smoothing;Extraterrestrial measurements;Mobile robots;Motion control;Orbital robotics;Polynomials;Robot kinematics;Smoothing methods}, 
  doi={10.1109/ROBOT.1997.606730}
}


@inproceedings{laumond1986feasible,
  author = {Laumond, J.-P.},
  title = {Feasible Trajectories for Mobile Robots with Kinematic and Environment Constraints},
  booktitle = {Intelligent Autonomous Systems, An International Conference},
  year = {1987},
  isbn = {0-444-70168-0},
  pages = {346--354},
  numpages = {9},
  url = {http://dl.acm.org/citation.cfm?id=647948.742385},
  acmid = {742385},
  publisher = {North-Holland Publishing Co.},
  address = {Amsterdam, The Netherlands, The Netherlands},
} 


@INPROCEEDINGS{fernandes1991variational, 
  author={Fernandes, C. and Gurvits, L. and Li, Z.X.}, 
  booktitle={Proceedings of 1991 IEEE International Conference on Robotics and Automation, (ICRA)}, 
  title={A variational approach to optimal nonholonomic motion planning}, 
  year={1991}, 
  month={Apr}, 
  pages={680-685 vol.1}, 
  keywords={optimal control;planning (artificial intelligence);position control;variational techniques;admissible configuration space path;conservation laws;holonomic systems;nonholonomic distribution;optimal control;optimal nonholonomic motion planning;path finding;position control;symmetries;variational approach;Collaboration;Cost function;Differential equations;Joining processes;Optimal control;Safety;Silver;Trajectory;Velocity control;Wheels}, 
  doi={10.1109/ROBOT.1991.131662},
}


@article{barraquand1993nonholonomic,
  year={1993},
  issn={0178-4617},
  journal={Algorithmica},
  volume={10},
  number={2-4},
  doi={10.1007/BF01891837},
  title={Nonholonomic multibody mobile robots: Controllability and motion planning in the presence of obstacles},
  url={http://dx.doi.org/10.1007/BF01891837},
  publisher={Springer-Verlag},
  keywords={Path planning; Robotics; Mobile robots; Controllability; Nonholonomy; Optimal maneuvering; Collision avoidance},
  author={Barraquand, J. and Latombe, J.-C.},
  pages={121-155},
  language={English}
}



@ARTICLE{murray1993nonholonomic, 
  author={Murray, R.M. and Sastry, S.S.}, 
  journal={IEEE Transactions on Automatic Control}, 
  title={Nonholonomic motion planning: steering using sinusoids}, 
  year={1993}, 
  month={May}, 
  volume={38}, 
  number={5}, 
  pages={700-716}, 
  keywords={controllability;path planning;position control;robots;bracketing;canonical form;controllability;nonholonomic c·onstraints;nonholonomic motion planning;path planning;robots;sinusoids;steering;Fingers;Mobile robots;Motion planning;Navigation;Optimal control;Orbital robotics;Steering systems;Strategic planning;Trajectory;Wheels}, 
  doi={10.1109/9.277235}, 
  ISSN={0018-9286},
}



@ARTICLE{laumond1994motion, 
  author={Laumond, J.-P. and Jacobs, P.E. and Taix, M. and Murray, R.M.}, 
  journal={IEEE Trans. Robot. Autom.}, 
  title={A motion planner for nonholonomic mobile robots}, 
  year={1994}, 
  month={Oct}, 
  volume={10}, 
  number={5}, 
  pages={577-593}, 
  keywords={computational complexity;computational geometry;mobile robots;optimisation;path planning;topology;collision-free path;completeness;computational complexity;configuration space;geometric planner;induced topology;metric;motion planning;nonholonomic mobile robots;optimisation;polygonal obstacles;Computational geometry;Jacobian matrices;Manipulators;Mobile robots;Motion planning;Orbital robotics;Solid modeling;Space technology;Topology;Turning}, 
  doi={10.1109/70.326564}, 
  ISSN={1042-296X},
}



@article{kelly2003reactive,
  author = {Kelly, A. and Nagy, B.}, 
  title = {Reactive Nonholonomic Trajectory Generation via Parametric Optimal Control},
  volume = {22}, 
  number = {7-8}, 
  pages = {583-601}, 
  year = {2003}, 
  doi = {10.1177/02783649030227008}, 
  abstract ={There are many situations for which a feasible nonholonomic motion plan must be generated immediately based on real-time perceptual information. Parametric trajectory representations limit computation because they reduce the search space for solutions (at the cost of potentially introducing suboptimality). The use of any parametric trajectory model converts the optimal control formulation into an equivalent nonlinear programming problem. In this paper, curvature polynomials of arbitrary order are used as the assumed form of solution. Polynomials sacrifice little in terms of spanning the set of feasible controls while permitting an expression of the general solution to the system dynamics in terms of decoupled quadratures. These quadratures are then readily linearized to express the necessary conditions for optimality. Resulting trajectories are convenient to manipulate and execute in vehicle controllers and they can be computed with a straightforward numerical procedure in real time.}, 
  URL = {http://ijr.sagepub.com/content/22/7-8/583.abstract}, 
  eprint = {http://ijr.sagepub.com/content/22/7-8/583.full.pdf+html}, 
  journal = {The International Journal of Robotics Research (IJRR)} 
}


@INPROCEEDINGS{erinc2007genetic, 
  author={Erinc, G. and Carpin, S.}, 
  booktitle={ICRA 2007}, 
  title={A genetic algorithm for nonholonomic motion planning}, 
  year={2007}, 
  month={April}, 
  pages={1843-1849}, 
  keywords={genetic algorithms;iterative methods;mobile robots;path planning;fitness function;genetic algorithm;iterative optimization;mobile robots;nonholonomic motion planning;randomized algorithm;Algorithm design and analysis;Genetic algorithms;Genetic engineering;Iterative algorithms;Mobile robots;Motion planning;Path planning;Robotics and automation;USA Councils;Vehicles;genetic algorithms;mobile robots;nonholonomic motion planning}, 
  doi={10.1109/ROBOT.2007.363590}, 
  ISSN={1050-4729},
}



@INPROCEEDINGS{ge2007nonholonomic, 
  author={X.-S. Ge and H. Li and Q.-Z. Zhang}, 
  booktitle={IEEE International Conference on Control and Automation, 2007.}, 
  title={Nonholonomic Motion Planning of Space Robotics Based on the Genetic Algorithm with Wavelet Approximation}, 
  year={2007}, 
  month={May}, 
  pages={1977-1980}, 
  keywords={aerospace robotics;discrete wavelet transforms;function approximation;genetic algorithms;mobile robots;optimal control;path planning;search problems;discrete orthogonal wavelet approximation;drift-free control system;genetic algorithm;nonholonomic motion planning;optimal control problem;search problem;space robotics;Equations;Genetic algorithms;Machinery;Motion control;Motion planning;Optimal control;Orbital robotics;Robot kinematics;Robotics and automation;Transmission line matrix methods;genetic algorithm;nonholonomic motion planning;space robot;wavelet}, 
  doi={10.1109/ICCA.2007.4376706},
}


@article{nagy2001trajectory,
  title={Trajectory generation for car-like robots using cubic curvature polynomials},
  author={Nagy, B. and Kelly, A.},
  journal={Field and Service Robots},
  volume={11},
  year={2001}
}


@INPROCEEDINGS{cheng2006path, 
  author={W. Cheng and Z. Tang and C. Zhao and L. Tang and Z. Guo}, 
  booktitle={2006 8th International Conference on Signal Processing}, 
  title={Path Planning for Nonholonomic Car-like Mobile Robots Using Genetic Algorithms}, 
  year={2006}, 
  month={}, 
  volume={4}, 
  pages={-}, 
  keywords={genetic algorithms;mobile robots;path planning;control based sampling strategy;evolutionary computation techniques;genetic algorithms;nonholonomic car-like mobile robots;path planning;unstructured obstacle environments;Computer science;Equations;Evolutionary computation;Genetic algorithms;Mobile robots;Motion planning;Orbital robotics;Path planning;Robot kinematics;Sampling methods}, 
  doi={10.1109/ICOSP.2006.346113},
}


@INPROCEEDINGS{li2009on-line, 
  author={Y. Li and J. Xiao}, 
  booktitle={ICRA 2009}, 
  title={On-line planning of nonholonomic trajectories in crowded and geometrically unknown environments}, 
  year={2009}, 
  month={May}, 
  pages={3230-3236}, 
  keywords={collision avoidance;curve fitting;mobile robots;motion control;position control;Bezier curve;backward motion;car-like robot navigation;collision-free trajectory;crowded environment;forward motion;geometric unknown environment;knot position sequence;online nonholonomic trajectory planning;Computational modeling;Global Positioning System;Motion planning;Navigation;Path planning;Remotely operated vehicles;Robot sensing systems;Robotics and automation;Trajectory;Vehicle driving}, 
  doi={10.1109/ROBOT.2009.5152782}, 
  ISSN={1050-4729},
}


@INPROCEEDINGS{macharet2011nonholonomic, 
  author={Macharet, D.G. and Neto, A.A. and da Camara Neto, V.F. and Campos, M.F.M.}, 
  booktitle={ICRA 2011}, 
  title={Nonholonomic path planning optimization for Dubins' vehicles}, 
  year={2011}, 
  month={May}, 
  pages={4208-4213}, 
  keywords={mobile robots;optimisation;path planning;Dubins' vehicles;continuous-GRASP;nonholonomic path planning optimization;nonholonomic vehicles;two-dimensional waypoints;Cost function;Measurement;Path planning;Robots;Vehicles}, 
  doi={10.1109/ICRA.2011.5980239}, 
  ISSN={1050-4729},
}



@article{dubins1957curves,
jstor_articletype = {research-article},
  title = {On Curves of Minimal Length with a Constraint on Average Curvature, and with Prescribed Initial and Terminal Positions and Tangents},
  author = {Dubins, L. E.},
  journal = {American Journal of Mathematics},
  jstor_issuetitle = {},
  volume = {79},
  number = {3},
  jstor_formatteddate = {Jul., 1957},
  pages = {pp. 497-516},
  url = {http://www.jstor.org/stable/2372560},
  ISSN = {00029327},
  abstract = {},
  language = {English},
  year = {1957},
  publisher = {The Johns Hopkins University Press},
  copyright = {Copyright © 1957 The Johns Hopkins University Press},
}


@article{reeds1990optimal,
  title={Optimal paths for a car that goes both forwards and backwards},
  author={Reeds, J. and Shepp, L.},
  journal={Pacific journal of mathematics},
  volume={145},
  number={2},
  pages={367--393},
  year={1990}
}


@book{michalewicz2013genetic,
  title={Genetic algorithms+ data structures= evolution programs},
  author={Michalewicz, Z.},
  year={2013},
  publisher={Springer Science \& Business Media}
}


@article{kroger2010online,
  title={Online trajectory generation: Basic concepts for instantaneous reactions to unforeseen events},
  author={Kroger, T. and Wahl, F. M.},
  journal={IEEE Trans. Robot.},
  volume={26},
  number={1},
  pages={94--111},
  year={2010},
  publisher={IEEE}
}



@article{fox1997dynamic,
  title={The dynamic window approach to collision avoidance},
  author={Fox, D. and Burgard, W. and Thrun, S. and others},
  journal={IEEE Robot. Autom. Mag.},
  volume={4},
  number={1},
  pages={23--33},
  year={1997}
}


@inproceedings{vatcha2009perceiving,
  title={Perceiving guaranteed continuously collision-free robot trajectories in an unknown and unpredictable environment},
  author={Vatcha, R. and Xiao, J.},
  booktitle={IROS 2009},
  pages={1433--1438},
  year={2009},
  organization={IEEE}
}


@article{fiorini1998motion,
  author = {Fiorini, P. and Shiller, Z.}, 
  title = {Motion Planning in Dynamic Environments Using Velocity Obstacles},
  volume = {17}, 
  number = {7}, 
  pages = {760-772}, 
  year = {1998}, 
  doi = {10.1177/027836499801700706}, 
  abstract ={
                 This paper presents a method for robot motion planning in dynamic environments. It consists of selecting avoidance maneuvers to avoid static and moving obstacles in the velocity space, based on the cur rent positions and velocities of the robot and obstacles. It is a first- order method, since it does not integrate velocities to yield positions as functions of time.
              
                 The avoidance maneuvers are generated by selecting robot ve locities outside of the velocity obstacles, which represent the set of robot velocities that would result in a collision with a given obstacle that moves at a given velocity, at some future time. To ensure that the avoidance maneuver is dynamically feasible, the set of avoidance velocities is intersected with the set of admissible velocities, defined by the robot's acceleration constraints. Computing new avoidance maneuvers at regular time intervals accounts for general obstacle trajectories.
              
                 The trajectory from start to goal is computed by searching a tree of feasible avoidance maneuvers, computed at discrete time intervals. An exhaustive search of the tree yields near-optimal trajectories that either minimize distance or motion time. A heuristic search of the tree is applicable to on-line planning. The method is demonstrated for point and disk robots among static and moving obstacles, and for an automated vehicle in an intelligent vehicle highway system scenario.
              }, 
  URL = {http://ijr.sagepub.com/content/17/7/760.abstract}, 
  eprint = {http://ijr.sagepub.com/content/17/7/760.full.pdf+html}, 
  journal = {IJRR} 
}



@INPROCEEDINGS{wilkie2009generalized, 
author={Wilkie, D. and van den Berg, J. and Manocha, D.}, 
booktitle={IROS 2009}, 
title={Generalized velocity obstacles}, 
year={2009}, 
pages={5573-5578}, 
keywords={robot dynamics;car-like robot dynamic;dynamic obstacles;generalized velocity obstacles;real-time navigation;Control systems;Fingers;Grasping;Information science;Intelligent robots;Numerical simulation;Shape control;Stability analysis;Tactile sensors;USA Councils}, 
doi={10.1109/IROS.2009.5354175}, 
month={Oct},
}


@incollection{thrun2007stanley,
  title={Stanley: The robot that won the DARPA Grand Challenge},
  author={Thrun, S. and Montemerlo, M. and Dahlkamp, H. and Stavens, D. and Aron, A. and Diebel, J. and Fong, P. and Gale, J. and Halpenny, M. and Hoffmann, G. and others},
  booktitle={The 2005 DARPA Grand Challenge},
  pages={1--43},
  year={2007},
  publisher={Springer}
}


@book{buehler2009darpa,
  title={The DARPA Urban Challenge: Autonomous vehicles in city traffic},
  author={Buehler, M. and Iagnemma, K. and Singh, S.},
  volume={56},
  year={2009},
  publisher={springer}
}



@article{dolgov2010path,
  title={Path planning for autonomous vehicles in unknown semi-structured environments},
  author={Dolgov, D. and Thrun, S. and Montemerlo, M. and Diebel, J.},
  journal={IJRR},
  volume={29},
  number={5},
  pages={485--501},
  year={2010},
  publisher={SAGE Publications}
}



@article{fraichard2004inevitable,
  title={Inevitable collision states — a step towards safer robots?},
  author={Fraichard, Thierry and Asama, Hajime},
  journal={Advanced Robotics},
  volume={18},
  number={10},
  pages={1001--1024},
  year={2004},
  publisher={Taylor \& Francis}
}




@inproceedings{montemerlo2002fastslam,
  title={FastSLAM: A factored solution to the simultaneous localization and mapping problem},
  author={Montemerlo, Michael and Thrun, Sebastian and Koller, Daphne and Wegbreit, Ben and others},
  booktitle={AAAI/IAAI},
  pages={593--598},
  year={2002}
}
